@misc{vzitkovic2010,
  title =        {Introduction to stochastic processes-lecture notes},
  author =       {{\v{Z}}itkovi{\'c}, Gordan},
  year =         2010,
  publisher =    {Austin, University of Texas-Department of
                  Mathematics},
  url =
                  {https://web.ma.utexas.edu/users/gordanz/notes/introduction_to_stochastic_processes.pdf}
}

@book{jacobs2010stochastic,
  title =        {Stochastic Processes for Physicists: Understanding
                  Noisy Systems},
  author =       {Jacobs, K.},
  isbn =         9780521765428,
  lccn =         2010278127,
  url =          {https://books.google.de/books?id=5PEjmQEACAAJ},
  year =         2010,
  publisher =    {Cambridge University Press},
}

@article{cufar2020,
  doi =          {10.1007/978-3-030-48408-8},
  title =        {Probability and Stochastic Processes for Physicists
                  ||},
  author =       {Cufaro Petroni, Nicola},
  publisher =    {Springer International Publishing},
  journal =      {UNITEXT for Physics vol. 10.1007/978-3-030-48408-8},
  isbn =         {9783030484071; 3030484076; 9783030484088;
                  3030484084},
  year =         2020,
  volume =       {10.1007/978-3-030-48408-8},
  page =         {--},
  url =
                  {libgen.li/file.php?md5=0ac1c3786767232ebdc10b716eff3b96},
}

@book{Rivas2012,
  author =       {Rivas, {\ifmmode\acute{A}\else\'{A}\fi}ngel and
                  Huelga, Susana F.},
  title =        {{Open Quantum Systems}},
  year =         2012,
  isbn =         {978-3-642-23353-1},
  publisher =    {Springer-Verlag},
  address =      {Berlin, Germany},
  doi =          {10.1007/978-3-642-23354-8}
}

@article{klauder1968fundamentals,
  title =        {Fundamentals of Quantum Optics Benjamin},
  author =       {Klauder, JR and Sudarshan, ECG},
  journal =      {Inc., New York},
  year =         1968
}

@article{Gisin1992Nov,
  author =       {Gisin, N. and Percival, I. C.},
  title =        {{The quantum-state diffusion model applied to open
                  systems}},
  journal =      {J. Phys. A: Math. Gen.},
  volume =       25,
  number =       21,
  pages =        {5677--5691},
  year =         1992,
  month =        {Nov},
  issn =         {0305-4470},
  publisher =    {IOP Publishing},
  doi =          {10.1088/0305-4470/25/21/023}
}

@article{Diosi1995Jan,
  author =       {Di{\ifmmode\acute{o}\else\'{o}\fi}si, Lajos and
                  Gisin, Nicolas and Halliwell, Jonathan and Percival,
                  Ian C.},
  title =        {{Decoherent Histories and Quantum State Diffusion}},
  journal =      {Phys. Rev. Lett.},
  volume =       74,
  number =       2,
  pages =        {203--207},
  year =         1995,
  month =        {Jan},
  issn =         {1079-7114},
  publisher =    {American Physical Society},
  doi =          {10.1103/PhysRevLett.74.203}
}

@article{Diosi1997,
  author =       {Di{\ifmmode\acute{o}\else\'{o}\fi}si, Lajos and
                  Strunz, Walter T.},
  title =        {{The non-Markovian stochastic
                  Schr{\ifmmode\ddot{o}\else\"{o}\fi}dinger equation
                  for open systems}},
  journal =      {Phys. Lett. A},
  volume =       235,
  number =       6,
  pages =        {569--573},
  year =         1997,
  month =        {Nov},
  issn =         {0375-9601},
  publisher =    {North-Holland},
  eprint =       {quant-ph/9706050},
  doi =          {10.1016/S0375-9601(97)00717-2}
}

@article{Diosi1998Mar,
  author =       {Di{\ifmmode\acute{o}\else\'{o}\fi}si, L. and Gisin,
                  N. and Strunz, W. T.},
  title =        {{Non-Markovian quantum state diffusion}},
  journal =      {Phys. Rev. A},
  volume =       58,
  number =       3,
  pages =        {1699--1712},
  year =         1998,
  month =        sep,
  issn =         {2469-9934},
  publisher =    {American Physical Society},
  doi =          {10.1103/PhysRevA.58.1699}
}

@article{Strunz1999Mar,
  author =       {Strunz, Walter T. and
                  Di{\ifmmode\acute{o}\else\'{o}\fi}si, Lajos and
                  Gisin, Nicolas},
  title =        {{Open System Dynamics with Non-Markovian Quantum
                  Trajectories}},
  journal =      {Phys. Rev. Lett.},
  volume =       82,
  number =       9,
  pages =        {1801--1805},
  year =         1999,
  month =        {Mar},
  issn =         {1079-7114},
  publisher =    {American Physical Society},
  doi =          {10.1103/PhysRevLett.82.1801}
}

@article{Suess2014Oct,
  author =       {Suess, D. and Eisfeld, A. and Strunz, W. T.},
  title =        {{Hierarchy of stochastic pure states for open
                  quantum system dynamics}},
  journal =      {Phys. Rev. Lett.},
  volume =       113,
  number =       15,
  pages =        {150403.},
  year =         2014,
  month =        {Oct},
  issn =         {1079-7114},
  publisher =    {See full text options at American Physical Society},
  eprint =       25375694,
  doi =          {10.1103/PhysRevLett.113.150403}
}

@article{Hartmann2017Dec,
  author =       {Hartmann, Richard and Strunz, Walter T.},
  title =        {{Exact Open Quantum System Dynamics Using the
                  Hierarchy of Pure States (HOPS)}},
  journal =      {J. Chem. Theory Comput.},
  volume =       13,
  number =       12,
  pages =        {5834--5845},
  year =         2017,
  month =        {Dec},
  issn =         {1549-9626},
  publisher =    {J Chem Theory Comput},
  eprint =       29016126,
  doi =          {10.1021/acs.jctc.7b00751}
}

@article{Hartmann2021Aug,
  author =       {Hartmann, Richard and Strunz, Walter T.},
  title =        {{Open Quantum System Response from the Hierarchy of
                  Pure States}},
  journal =      {J. Phys. Chem. A},
  volume =       125,
  number =       32,
  pages =        {7066--7079},
  year =         2021,
  month =        {Aug},
  issn =         {1089-5639},
  publisher =    {American Chemical Society},
  doi =          {10.1021/acs.jpca.1c03339}
}

@article{Strunz1996LinearQS,
  title =        {Linear quantum state diffusion for non-Markovian
                  open quantum systems},
  author =       {Walter T. Strunz},
  journal =      {Physics Letters A},
  year =         1996,
  volume =       224,
  pages =        {25-30},
  eprint =       {quant-ph/9610035}
}

@book{Press2007Sep,
  author =       {Press, William H. and Teukolsky, Saul A. and
                  Vetterling, William T. and Flannery, Brian P.},
  title =        {{Numerical Recipes}},
  journal =      {Cambridge University Press},
  year =         2007,
  month =        {Sep},
  isbn =         {978-0-52188068-8},
  publisher =    {Cambridge University Press},
  address =      {Cambridge, England, UK},
  url =
                  {https://www.cambridge.org/us/academic/subjects/mathematics/numerical-recipes/numerical-recipes-art-scientific-computing-3rd-edition?format=HB}
}

@thesis{Strunz2001Habil,
  title={Stochastic Schrödinger equation approach to the dynamics of
                  non-Markovian open quantum systems},
  author={Walter T. Strunz},
  type=Habilitation,
  institution={Fachbereich Physik der Universität Essen},
  year=2001
}

@book{Weiss2008Mar,
  author =       {Weiss, Ulrich},
  title =        {{Quantum Dissipative Systems {$\vert$} Series in
                  Modern Condensed Matter Physics}},
  volume =       13,
  year =         2008,
  month =        {Mar},
  isbn =         {978-981-279-162-7},
  publisher =    {World Scientific Publishing Company},
  address =      {Singapore},
  doi =          {10.1142/6738}
}

@article{Feynman1963Oct,
  author =       {Feynman, R. P. and Vernon, F. L.},
  title =        {{The theory of a general quantum system interacting
                  with a linear dissipative system}},
  journal =      {Ann. Phys.},
  volume =       24,
  pages =        {118--173},
  year =         1963,
  month =        {Oct},
  issn =         {0003-4916},
  publisher =    {Academic Press},
  doi =          {10.1016/0003-4916(63)90068-X}
}

@article{Kato2015Aug,
  author =       {Kato, Akihito and Tanimura, Yoshitaka},
  title =        {{Quantum heat transport of a two-qubit system:
                  Interplay between system-bath coherence and
                  qubit-qubit coherence}},
  journal =      {J. Chem. Phys.},
  volume =       143,
  number =       6,
  pages =        064107,
  year =         2015,
  month =        {Aug},
  issn =         {0021-9606},
  publisher =    {American Institute of Physics},
  doi =          {10.1063/1.4928192}
}

@article{Gaul2007Jul,
  author =       {Gaul, Christopher and
                  B{\ifmmode\ddot{u}\else\"{u}\fi}ttner, Helmut},
  title =        {{Quantum mechanical heat transport in disordered
                  harmonic chains}},
  journal =      {Phys. Rev. E},
  volume =       76,
  number =       1,
  pages =        011111,
  year =         2007,
  month =        {Jul},
  issn =         {2470-0053},
  publisher =    {American Physical Society},
  doi =          {10.1103/PhysRevE.76.011111}
}

@article{Motz2017May,
  author =       {Motz, T. and Ankerhold, J. and Stockburger, J. T.},
  title =        {{Currents and fluctuations of quantum heat transport
                  in harmonic chains}},
  journal =      {New J. Phys.},
  volume =       19,
  number =       5,
  pages =        053013,
  year =         2017,
  month =        {May},
  issn =         {1367-2630},
  publisher =    {IOP Publishing},
  doi =          {10.1088/1367-2630/aa68bd}
}

@thesis{RichardDiss,
  title={Stochastic Schrödinger equation approach to the dynamics of
                  non-Markovian open quantum systems},
  author={Richard Hartmann},
  type=Dissertation,
  institution={Institut für Theoretische Physik, Technische Universität Dresden},
  year=2021
}

@incollection{Pan1999May,
  author =       {Pan, Victor Y. and Chen, Zhao Q.},
  title =        {{The complexity of the matrix eigenproblem}},
  booktitle =    {{STOC '99: Proceedings of the thirty-first annual
                  ACM symposium on Theory of Computing}},
  pages =        {507--516},
  year =         1999,
  month =        {May},
  isbn =         {978-158113067},
  publisher =    {Association for Computing Machinery},
  address =      {New York, NY, USA},
  doi =          {10.1145/301250.301389}
}

@article{Reyes-Lega2016Dec,
  author =       {Reyes-Lega, A. F.},
  title =        {{Some Aspects of Operator Algebras in Quantum
                  Physics}},
  journal =      {arXiv},
  year =         2016,
  month =        {Dec},
  eprint =       {1612.07718},
  doi =          {10.1142/9789814730884_0001}
}

@article{Rivas2019Oct,
  author =       {Rivas, {\ifmmode\acute{A}\else\'{A}\fi}ngel},
  title =        {{Strong Coupling Thermodynamics of Open Quantum
                  Systems}},
  journal =      {arXiv},
  year =         2019,
  month =        {Oct},
  eprint =       {1910.01246},
  doi =          {10.1103/PhysRevLett.124.160601}
}

@book {Bratteli87,
  author =       { Bratteli, Ola AND Robinson, Derek W. },
  title =        { Operator algebras and quantum statistical mechanics
                  1 C*- and W*-algebras, symmetry groups,
                  decomposition of states },
  edition =      { 2. ed. },
  publisher =    {Springer},
  isbn =         0387170936,
  isbn =         3540170936,
  isbn =         9783540170938,
  isbn =         9780387170930,
  year =         1987,
  abstract =     {Literaturverz. S. 469 - 488},
  address =      { New York, NY },
  url =          { http://slubdd.de/katalog?TN_libero_mab2147995 }
}

@book{Schlosshauer2007,
  author =       {Schlosshauer, Maximilian},
  title =        {{Decoherence and the Quantum-To-Classical
                  Transition}},
  year =         2007,
  issn =         {1612-3018},
  publisher =    {Springer},
  address =      {Berlin, Germany},
  doi =          {10.1007/978-3-540-35775-9}
}

@book{NISTHandbook,
  title =        {NIST handbook of mathematical functions},
  author =       {Frank W. J. Olver, Daniel W. Lozier, Ronald
                  F. Boisvert, Charles W. Clark},
  publisher =    {Cambridge University Press},
  isbn =         {0521140633,9780521140638,9780521192255,0521192250},
  year =         2010,
  edition =      {1 Pap/Cdr},
}

@article{Senior2020Feb,
  author =       {Senior, Jorden and Gubaydullin, Azat and Karimi,
                  Bayan and Peltonen, Joonas T. and Ankerhold, Joachim
                  and Pekola, Jukka P.},
  title =        {{Heat rectification via a superconducting artificial
                  atom - Communications Physics}},
  journal =      {Commun. Phys.},
  volume =       3,
  number =       40,
  pages =        {1--5},
  year =         2020,
  month =        {Feb},
  issn =         {2399-3650},
  publisher =    {Nature Publishing Group},
  doi =          {10.1038/s42005-020-0307-5}
}

@article{Motz2018Nov,
  author =       {Motz, T. and Wiedmann, M. and Stockburger, J. T. and
                  Ankerhold, J.},
  title =        {{Rectification of heat currents across nonlinear
                  quantum chains: a versatile approach beyond weak
                  thermal contact}},
  journal =      {New J. Phys.},
  volume =       20,
  number =       11,
  pages =        113020,
  year =         2018,
  month =        {Nov},
  issn =         {1367-2630},
  publisher =    {IOP Publishing},
  doi =          {10.1088/1367-2630/aaea90}
}

@article{Wiedmann2020Mar,
  author =       {Wiedmann, M. and Stockburger, J. T. and Ankerhold,
                  J.},
  title =        {{Non-Markovian dynamics of a quantum heat engine:
                  out-of-equilibrium operation and thermal coupling
                  control}},
  journal =      {New J. Phys.},
  volume =       22,
  number =       3,
  pages =        033007,
  year =         2020,
  month =        {Mar},
  issn =         {1367-2630},
  publisher =    {IOP Publishing},
  doi =          {10.1088/1367-2630/ab725a}
}

@article{Caldeira1983Sep,
  author =       {Caldeira, A. O. and Leggett, A. J.},
  title =        {{Quantum tunnelling in a dissipative system}},
  journal =      {Ann. Phys.},
  volume =       149,
  number =       2,
  pages =        {374--456},
  year =         1983,
  month =        {Sep},
  issn =         {0003-4916},
  publisher =    {Academic Press},
  doi =          {10.1016/0003-4916(83)90202-6}
}

@article{Bera2017Dec,
  author =       {Bera, Manabendra N. and Riera, Arnau and Lewenstein,
                  Maciej and Winter, Andreas},
  title =        {{Generalized laws of thermodynamics in the presence
                  of correlations - Nature Communications}},
  journal =      {Nat. Commun.},
  volume =       8,
  number =       2180,
  pages =        {1--6},
  year =         2017,
  month =        {Dec},
  issn =         {2041-1723},
  publisher =    {Nature Publishing Group},
  doi =          {10.1038/s41467-017-02370-x}
}

@article{Talkner2016Aug,
  author =       {Talkner, Peter and
                  H{\ifmmode\ddot{a}\else\"{a}\fi}nggi, Peter},
  title =        {{Open system trajectories specify fluctuating work
                  but not heat}},
  journal =      {Phys. Rev. E},
  volume =       94,
  number =       2,
  pages =        022143,
  year =         2016,
  month =        {Aug},
  issn =         {2470-0053},
  publisher =    {American Physical Society},
  doi =          {10.1103/PhysRevE.94.022143}
}

@article{Strasberg2021Aug,
  author =       {Strasberg, Philipp and Winter, Andreas},
  title =        {{First and Second Law of Quantum Thermodynamics: A
                  Consistent Derivation Based on a Microscopic
                  Definition of Entropy}},
  journal =      {PRX Quantum},
  volume =       2,
  number =       3,
  pages =        030202,
  year =         2021,
  month =        {Aug},
  issn =         {2691-3399},
  publisher =    {American Physical Society},
  doi =          {10.1103/PRXQuantum.2.030202}
}

@article{Bera2021Jun,
  author =       {Bera, Mohit Lal and
                  Juli{\ifmmode\grave{a}\else\`{a}\fi}-Farr{\ifmmode\acute{e}\else\'{e}\fi},
                  Sergi and Lewenstein, Maciej and Bera, Manabendra
                  Nath},
  title =        {{Quantum Heat Engines with Carnot Efficiency at
                  Maximum Power}},
  journal =      {arXiv},
  year =         2021,
  month =        {Jun},
  eprint =       {2106.01193},
  url =          {https://arxiv.org/abs/2106.01193v1}
}

@article{Bera2021Feb,
  author =       {Bera, Mohit Lal and Lewenstein, Maciej and Bera,
                  Manabendra Nath},
  title =        {{Attaining Carnot efficiency with quantum and
                  nanoscale heat engines - npj Quantum Information}},
  journal =      {npj Quantum Inf.},
  volume =       7,
  number =       31,
  pages =        {1--7},
  year =         2021,
  month =        {Feb},
  issn =         {2056-6387},
  publisher =    {Nature Publishing Group},
  doi =          {10.1038/s41534-021-00366-6}
}

@article{Vaccaro2011Jun,
  author =       {Vaccaro, Joan A. and Barnett, Stephen M.},
  title =        {{Information erasure without an energy cost}},
  journal =      {Proc. R. Soc. A.},
  volume =       467,
  number =       2130,
  pages =        {1770--1778},
  year =         2011,
  month =        {Jun},
  issn =         {1471-2946},
  publisher =    {The Royal Society Publishing},
  doi =          {10.1098/rspa.2010.0577}
}

@article{Buffoni2022Jan,
  author =       {Buffoni, Lorenzo and Campisi, Michele},
  title =        {{Spontaneous Fluctuation-Symmetry Breaking and the
                  Landauer Principle}},
  journal =      {J. Stat. Phys.},
  volume =       186,
  number =       2,
  pages =        {31--12},
  year =         2022,
  month =        {Jan},
  issn =         {1572-9613},
  publisher =    {Springer US},
  doi =          {10.1007/s10955-022-02877-8}
}

@article{Kato2016Dec,
  author =       {Kato, Akihito and Tanimura, Yoshitaka},
  title =        {{Quantum heat current under non-perturbative and
                  non-Markovian conditions: Applications to heat
                  machines}},
  journal =      {J. Chem. Phys.},
  volume =       145,
  number =       22,
  pages =        224105,
  year =         2016,
  month =        {Dec},
  issn =         {0021-9606},
  publisher =    {American Institute of Physics},
  doi =          {10.1063/1.4971370}
}

@article{Santos2021Jun,
  author =       {Santos, Tiago F. F. and Tacchino, Francesco and
                  Gerace, Dario and Campisi, Michele and Santos,
                  Marcelo F.},
  title =        {{Maximally efficient quantum thermal machines fueled
                  by nonequilibrium steady states}},
  journal =      {Phys. Rev. A},
  volume =       103,
  number =       6,
  pages =        062225,
  year =         2021,
  month =        {Jun},
  issn =         {2469-9934},
  publisher =    {American Physical Society},
  doi =          {10.1103/PhysRevA.103.062225}
}

@article{Seifert2016Jan,
  author =       {Seifert, Udo},
  title =        {{First and Second Law of Thermodynamics at Strong
                  Coupling}},
  journal =      {Phys. Rev. Lett.},
  volume =       116,
  number =       2,
  pages =        020601,
  year =         2016,
  month =        {Jan},
  issn =         {1079-7114},
  publisher =    {American Physical Society},
  doi =          {10.1103/PhysRevLett.116.020601}
}

@article{Strasberg2016Jul,
  author =       {Strasberg, Philipp and Schaller, Gernot and Lambert,
                  Neill and Brandes, Tobias},
  title =        {{Nonequilibrium thermodynamics in the strong
                  coupling and non-Markovian regime based on a
                  reaction coordinate mapping}},
  journal =      {New J. Phys.},
  volume =       18,
  number =       7,
  pages =        073007,
  year =         2016,
  month =        {Jul},
  issn =         {1367-2630},
  publisher =    {IOP Publishing},
  doi =          {10.1088/1367-2630/18/7/073007}
}

@article{Dou2018Oct,
  author =       {Dou, Wenjie and Ochoa, Maicol A. and Nitzan, Abraham
                  and Subotnik, Joseph E.},
  title =        {{Universal approach to quantum thermodynamics in the
                  strong coupling regime}},
  journal =      {Phys. Rev. B},
  volume =       98,
  number =       13,
  pages =        134306,
  year =         2018,
  month =        {Oct},
  issn =         {2469-9969},
  publisher =    {American Physical Society},
  doi =          {10.1103/PhysRevB.98.134306}
}

@article{Esposito2015Dec,
  author =       {Esposito, Massimiliano and Ochoa, Maicol A. and
                  Galperin, Michael},
  title =        {{Nature of heat in strongly coupled open quantum
                  systems}},
  journal =      {Phys. Rev. B},
  volume =       92,
  number =       23,
  pages =        235440,
  year =         2015,
  month =        {Dec},
  issn =         {2469-9969},
  publisher =    {American Physical Society},
  doi =          {10.1103/PhysRevB.92.235440}
}

@article{Vinjanampathy2016Oct,
  author =       {Vinjanampathy, Sai and Anders, Janet},
  title =        {{Quantum thermodynamics}},
  journal =      {Contemp. Phys.},
  volume =       57,
  number =       4,
  pages =        {545--579},
  year =         2016,
  month =        {Oct},
  issn =         {0010-7514},
  publisher =    {Taylor {\&} Francis},
  doi =          {10.1080/00107514.2016.1201896}
}

@article{Talkner2007May,
  author =       {Talkner, Peter and Lutz, Eric and
                  H{\ifmmode\ddot{a}\else\"{a}\fi}nggi, Peter},
  title =        {{Fluctuation theorems: Work is not an observable}},
  journal =      {Phys. Rev. E},
  volume =       75,
  number =       5,
  pages =        050102,
  year =         2007,
  month =        {May},
  issn =         {2470-0053},
  publisher =    {American Physical Society},
  doi =          {10.1103/PhysRevE.75.050102}
}

@article{Talkner2020Oct,
  author =       {Talkner, Peter and
                  H{\ifmmode\ddot{a}\else\"{a}\fi}nggi, Peter},
  title =        {{Colloquium: Statistical mechanics and
                  thermodynamics at strong coupling: Quantum and
                  classical}},
  journal =      {Rev. Mod. Phys.},
  volume =       92,
  number =       4,
  pages =        041002,
  year =         2020,
  month =        {Oct},
  issn =         {1539-0756},
  publisher =    {American Physical Society},
  doi =          {10.1103/RevModPhys.92.041002}
}

@article{Gao2021Sep,
  author =       {Gao, Xing and Ren, Jiajun and Eisfeld, Alexander and
                  Shuai, Zhigang},
  title =        {{Non-Markovian Stochastic
                  Schr{\ifmmode\backslash\else\textbackslash\fi}"odinger
                  Equation: Matrix Product State Approach to the
                  Hierarchy of Pure States}},
  journal =      {arXiv},
  year =         2021,
  month =        {Sep},
  eprint =       {2109.06393},
  url =          {https://arxiv.org/abs/2109.06393v3}
}

@article{Stevens2021Sep,
  author =       {Stevens, Jeremy and Szombati, Daniel and Maffei,
                  Maria and Elouard, Cyril and Assouly,
                  R{\ifmmode\acute{e}\else\'{e}\fi}ouven and Cottet,
                  Nathana{\ifmmode\ddot{e}\else\"{e}\fi}l and
                  Dassonneville, R{\ifmmode\acute{e}\else\'{e}\fi}my
                  and Ficheux, Quentin and Zeppetzauer, Stefan and
                  Bienfait, Audrey and Jordan, Andrew N. and
                  Auff{\ifmmode\grave{e}\else\`{e}\fi}ves, Alexia and
                  Huard, Benjamin},
  title =        {{Energetics of a Single Qubit Gate}},
  journal =      {arXiv},
  year =         2021,
  month =        {Sep},
  eprint =       {2109.09648},
  url =          {https://arxiv.org/abs/2109.09648v1}
}

@article{Aurell2019Apr,
  author =       {Aurell, Erik and Montana, Federica},
  title =        {{Thermal power of heat flow through a qubit}},
  journal =      {Phys. Rev. E},
  volume =       99,
  number =       4,
  pages =        042130,
  year =         2019,
  month =        {Apr},
  issn =         {2470-0053},
  publisher =    {American Physical Society},
  doi =          {10.1103/PhysRevE.99.042130}
}

@article{Karimi2016Nov,
  author =       {Karimi, B. and Pekola, J. P.},
  title =        {{Otto refrigerator based on a superconducting qubit:
                  Classical and quantum performance}},
  journal =      {Phys. Rev. B},
  volume =       94,
  number =       18,
  pages =        184503,
  year =         2016,
  month =        {Nov},
  issn =         {2469-9969},
  publisher =    {American Physical Society},
  doi =          {10.1103/PhysRevB.94.184503}
}

@article{Hita-Perez2021Nov,
  author =       {Hita-P{\ifmmode\acute{e}\else\'{e}\fi}rez,
                  Mar{\ifmmode\acute{\imath}\else\'{\i}\fi}a and
                  Jaum{\ifmmode\grave{a}\else\`{a}\fi}, Gabriel and
                  Pino, Manuel and
                  Garc{\ifmmode\acute{\imath}\else\'{\i}\fi}a-Ripoll,
                  Juan Jos{\ifmmode\acute{e}\else\'{e}\fi}},
  title =        {{Three-Josephson junctions flux qubit couplings}},
  journal =      {Appl. Phys. Lett.},
  volume =       119,
  number =       22,
  pages =        222601,
  year =         2021,
  month =        {Nov},
  issn =         {0003-6951},
  publisher =    {American Institute of Physics},
  doi =          {10.1063/5.0069530}
}

@article{Hita-Perez2021Aug,
  author =       {Hita-P{\ifmmode\acute{e}\else\'{e}\fi}rez,
                  Mar{\ifmmode\acute{\imath}\else\'{\i}\fi}a and
                  Jaum{\ifmmode\grave{a}\else\`{a}\fi}, Gabriel and
                  Pino, Manuel and
                  Garc{\ifmmode\acute{\imath}\else\'{\i}\fi}a-Ripoll,
                  Juan Jos{\ifmmode\acute{e}\else\'{e}\fi}},
  title =        {{Ultrastrong capacitive coupling of flux qubits}},
  journal =      {arXiv},
  year =         2021,
  month =        {Aug},
  eprint =       {2108.02549},
  url =          {https://arxiv.org/abs/2108.02549v1}
}

@article{Wang2021Jan,
  author =       {Wang, Chen and Wang, Lu-Qin and Ren, Jie},
  title =        {{Managing Quantum Heat Transfer in a Nonequilibrium
                  Qubit-Phonon Hybrid System with Coherent Phonon
                  States}},
  journal =      {Chin. Phys. Lett.},
  volume =       38,
  number =       1,
  pages =        010501,
  year =         2021,
  month =        {Jan},
  issn =         {0256-307X},
  publisher =    {IOP Publishing},
  doi =          {10.1088/0256-307x/38/1/010501}
}

@article{Micadei2019Jun,
  author =       {Micadei, Kaonan and Peterson, John P. S. and Souza,
                  Alexandre M. and Sarthour, Roberto S. and Oliveira,
                  Ivan S. and Landi, Gabriel T. and
                  Batalh{\ifmmode\tilde{a}\else\~{a}\fi}o, Tiago
                  B. and Serra, Roberto M. and Lutz, Eric},
  title =        {{Reversing the direction of heat flow using quantum
                  correlations - Nature Communications}},
  journal =      {Nat. Commun.},
  volume =       10,
  number =       2456,
  pages =        {1--6},
  year =         2019,
  month =        {Jun},
  issn =         {2041-1723},
  publisher =    {Nature Publishing Group},
  doi =          {10.1038/s41467-019-10333-7}
}

@article{MacQuarrie2020Sep,
  author =       {MacQuarrie, E. R. and Neyens, Samuel F. and Dodson,
                  J. P. and Corrigan, J. and Thorgrimsson, Brandur and
                  Holman, Nathan and Palma, M. and Edge, L. F. and
                  Friesen, Mark and Coppersmith, S. N. and Eriksson,
                  M. A.},
  title =        {{Progress toward a capacitively mediated CNOT
                  between two charge qubits in Si/SiGe - npj Quantum
                  Information}},
  journal =      {npj Quantum Inf.},
  volume =       6,
  number =       81,
  pages =        {1--7},
  year =         2020,
  month =        {Sep},
  issn =         {2056-6387},
  publisher =    {Nature Publishing Group},
  doi =          {10.1038/s41534-020-00314-w}
}

@article{Andersen2017Feb,
  author =       {Andersen, Christian Kraglund and Blais, Alexandre},
  title =        {{Ultrastrong coupling dynamics with a transmon
                  qubit}},
  journal =      {New J. Phys.},
  volume =       19,
  number =       2,
  pages =        023022,
  year =         2017,
  month =        {Feb},
  issn =         {1367-2630},
  publisher =    {IOP Publishing},
  doi =          {10.1088/1367-2630/aa5941}
}

@article{Mezzacapo2014Jul,
  author =       {Mezzacapo, A. and Lamata, L. and Filipp, S. and
                  Solano, E.},
  title =        {{Many-Body Interactions with Tunable-Coupling
                  Transmon Qubits}},
  journal =      {Phys. Rev. Lett.},
  volume =       113,
  number =       5,
  pages =        050501,
  year =         2014,
  month =        {Jul},
  issn =         {1079-7114},
  publisher =    {American Physical Society},
  doi =          {10.1103/PhysRevLett.113.050501}
}

@article{Xu2020Sep,
  author =       {Xu, Xuexin and Ansari, M. H.},
  title =        {{ZZ freedom in two qubit gates}},
  journal =      {arXiv},
  year =         2020,
  month =        {Sep},
  eprint =       {2009.00485},
  doi =          {10.1103/PhysRevApplied.15.064074}
}

@article{Talkner2020Oct,
  author =       {Talkner, Peter and
                  H{\ifmmode\ddot{a}\else\"{a}\fi}nggi, Peter},
  title =        {{Colloquium: Statistical mechanics and
                  thermodynamics at strong coupling: Quantum and
                  classical}},
  journal =      {Rev. Mod. Phys.},
  volume =       92,
  number =       4,
  pages =        041002,
  year =         2020,
  month =        {Oct},
  issn =         {1539-0756},
  publisher =    {American Physical Society},
  doi =          {10.1103/RevModPhys.92.041002}
}

@article{Lenard1978Dec,
  author =       {Lenard, A.},
  title =        {{Thermodynamical proof of the Gibbs formula for
                  elementary quantum systems}},
  file =         {~/bibliography/bibtex-pdfs/Lenard1978Dec.pdf},
  journal =      {J. Stat. Phys.},
  volume =       19,
  number =       6,
  pages =        {575--586},
  year =         1978,
  month =        {Dec},
  issn =         {1572-9613},
  publisher =    {Kluwer Academic Publishers-Plenum Publishers},
  doi =          {10.1007/BF01011769}
}

@book{Binder2018,
  author =       {Binder, Felix and Correa, Luis A. and Gogolin,
                  Christian and Anders, Janet and Adesso, Gerardo},
  title =        {{Thermodynamics in the Quantum Regime}},
  year =         2018,
  issn =         {0168-1222},
  isbn =         {978-3-319-99045-3},
  publisher =    {Springer},
  address =      {Cham, Switzerland},
  doi =          {10.1007/978-3-319-99046-0}
}

@article{Mu2017Dec,
  author =       {Mu, Anqi and Agarwalla, Bijay Kumar and Schaller,
                  Gernot and Segal, Dvira},
  title =        {{Qubit absorption refrigerator at strong coupling}},
  file =         {~/bibliography/bibtex-pdfs/Mu2017Dec.pdf},
  journal =      {New J. Phys.},
  volume =       19,
  number =       12,
  pages =        123034,
  year =         2017,
  month =        dec,
  issn =         {1367-2630},
  publisher =    {IOP Publishing},
  doi =          {10.1088/1367-2630/aa9b75}
}

@article{Wiedmann2021Jun,
  author =       {Wiedmann, Michael and Stockburger,
                  J{\ifmmode\ddot{u}\else\"{u}\fi}rgen T. and
                  Ankerhold, Joachim},
  title =        {{Non-Markovian quantum Otto refrigerator}},
  file =         {~/bibliography/bibtex-pdfs/Wiedmann2021Jun.pdf},
  journal =      {Eur. Phys. J. Spec. Top.},
  volume =       230,
  number =       4,
  pages =        {851--857},
  year =         2021,
  month =        jun,
  issn =         {1951-6401},
  publisher =    {Springer Berlin Heidelberg},
  doi =          {10.1140/epjs/s11734-021-00094-0}
}

@article{Geva1992Feb,
  author =       {Geva, Eitan and Kosloff, Ronnie},
  title =        {{A quantum{-}mechanical heat engine operating in
                  finite time. A model consisting of spin{-}1/2
                  systems as the working fluid}},
  file =         {~/bibliography/bibtex-pdfs/Geva1992Feb.pdf},
  journal =      {J. Chem. Phys.},
  volume =       96,
  number =       4,
  pages =        {3054--3067},
  year =         1992,
  month =        feb,
  issn =         {0021-9606},
  publisher =    {American Institute of Physics},
  doi =          {10.1063/1.461951}
}

@article{Feldmann2004Oct,
  author =       {Feldmann, Tova and Kosloff, Ronnie},
  title =        {{Characteristics of the limit cycle of a
                  reciprocating quantum heat engine}},
  file =         {~/bibliography/bibtex-pdfs/Feldmann2004Oct.pdf},
  journal =      {Phys. Rev. E},
  volume =       70,
  number =       4,
  pages =        046110,
  year =         2004,
  month =        oct,
  issn =         {2470-0053},
  publisher =    {American Physical Society},
  doi =          {10.1103/PhysRevE.70.046110}
}

@article{Raja2021Mar,
  author =       {Raja, S. Hamedani and Maniscalco, S. and Paraoanu,
                  G. S. and Pekola, J. P. and Gullo, N. Lo},
  title =        {{Finite-time quantum Stirling heat engine}},
  file =         {~/bibliography/bibtex-pdfs/Raja2021Mar.pdf},
  journal =      {New J. Phys.},
  volume =       23,
  number =       3,
  pages =        033034,
  year =         2021,
  month =        mar,
  issn =         {1367-2630},
  publisher =    {IOP Publishing},
  doi =          {10.1088/1367-2630/abe9d7}
}

@article{Kofman2004Sep,
  author =       {Kofman, A. G. and Kurizki, G.},
  title =        {{Unified Theory of Dynamically Suppressed Qubit
                  Decoherence in Thermal Baths}},
  file =         {~/bibliography/bibtex-pdfs/Kofman2004Sep.pdf},
  journal =      {Phys. Rev. Lett.},
  volume =       93,
  number =       13,
  pages =        130406,
  year =         2004,
  month =        sep,
  issn =         {1079-7114},
  publisher =    {American Physical Society},
  doi =          {10.1103/PhysRevLett.93.130406}
}

@article{Scopa2018Jun,
  author =       {Scopa, Stefano and Landi, Gabriel T. and Karevski,
                  Dragi},
  title =        {{Lindblad-Floquet description of finite-time quantum
                  heat engines}},
  file =         {~/bibliography/bibtex-pdfs/Scopa2018Jun.pdf},
  journal =      {Phys. Rev. A},
  volume =       97,
  number =       6,
  pages =        062121,
  year =         2018,
  month =        jun,
  issn =         {2469-9934},
  publisher =    {American Physical Society},
  doi =          {10.1103/PhysRevA.97.062121}
}

@article{Uzdin2015Sep,
  author =       {Uzdin, Raam and Levy, Amikam and Kosloff, Ronnie},
  title =        {{Equivalence of Quantum Heat Machines, and
                  Quantum-Thermodynamic Signatures}},
  journal =      {Phys. Rev. X},
  volume =       5,
  number =       3,
  pages =        031044,
  year =         2015,
  month =        sep,
  issn =         {2160-3308},
  publisher =    {American Physical Society},
  doi =          {10.1103/PhysRevX.5.031044}
}

@article{Irish2007Oct,
  author =       {Irish, E. K.},
  title =        {{Generalized Rotating-Wave Approximation for
                  Arbitrarily Large Coupling}},
  journal =      {Phys. Rev. Lett.},
  volume =       99,
  number =       17,
  pages =        173601,
  year =         2007,
  month =        oct,
  issn =         {1079-7114},
  publisher =    {American Physical Society},
  doi =          {10.1103/PhysRevLett.99.173601}
}

@article{Mukherjee2020Jan,
  author =       {Mukherjee, Victor and Kofman, Abraham G. and
                  Kurizki, Gershon},
  title =        {{Anti-Zeno quantum advantage in fast-driven heat
                  machines}},
  journal =      {Commun. Phys.},
  volume =       3,
  number =       8,
  pages =        {1--12},
  year =         2020,
  month =        jan,
  issn =         {2399-3650},
  publisher =    {Nature Publishing Group},
  doi =          {10.1038/s42005-019-0272-z}
}

@book{Kurizki2021Dec,
  author =       {Kurizki, Gershon and Kofman, Abraham G.},
  title =        {{Thermodynamics and Control of Open Quantum
                  Systems}},
  journal =      {Cambridge Core},
  year =         2021,
  month =        dec,
  isbn =         {978-1-31679845-4},
  publisher =    {Cambridge University Press},
  address =      {Cambridge, England, UK},
  doi =          {10.1017/9781316798454}
}

@article{Chen2010Feb,
  author =       {Chen, Xi and Ruschhaupt, A. and Schmidt, S. and del
                  Campo, A. and
                  Gu{\ifmmode\acute{e}\else\'{e}\fi}ry-Odelin, D. and
                  Muga, J. G.},
  title =        {{Fast Optimal Frictionless Atom Cooling in Harmonic
                  Traps: Shortcut to Adiabaticity}},
  journal =      {Phys. Rev. Lett.},
  volume =       104,
  number =       6,
  pages =        063002,
  year =         2010,
  month =        feb,
  issn =         {1079-7114},
  publisher =    {American Physical Society},
  doi =          {10.1103/PhysRevLett.104.063002}
}

@book{Wilde2017Feb,
  author =       {Wilde, Mark M.},
  title =        {{Quantum Information Theory}},
  journal =      {Cambridge Core},
  year =         2017,
  month =        feb,
  isbn =         {978-1-10717616-4},
  publisher =    {Cambridge University Press},
  address =      {Cambridge, England, UK},
  doi =          {10.1017/9781316809976}
}

@article{Pusz1978Oct,
  author =       {Pusz, W. and Woronowicz, S. L.},
  title =        {{Passive states and KMS states for general quantum
                  systems}},
  journal =      {Commun. Math. Phys.},
  volume =       58,
  number =       3,
  pages =        {273--290},
  year =         1978,
  month =        oct,
  issn =         {1432-0916},
  publisher =    {Springer-Verlag},
  doi =          {10.1007/BF01614224}
}

@article{Biswas2022May,
  author =       {Biswas, Tanmoy and {\L}obejko, Marcin and Mazurek,
                  Pawe{\l} and Ja{\l}owiecki, Konrad and Horodecki,
                  Micha{\l}},
  title =        {{Extraction of ergotropy: free energy bound and
                  application to open cycle engines}},
  journal =      {arXiv},
  year =         2022,
  month =        may,
  eprint =       {2205.06455},
  doi =          {10.48550/arXiv.2205.06455}
}

@article{Biswas2022May,
  author =       {Biswas, Tanmoy and {\L}obejko, Marcin and Mazurek,
                  Pawe{\l} and Ja{\l}owiecki, Konrad and Horodecki,
                  Micha{\l}},
  title =        {{Extraction of ergotropy: free energy bound and
                  application to open cycle engines}},
  journal =      {arXiv},
  year =         2022,
  month =        may,
  eprint =       {2205.06455},
  doi =          {10.48550/arXiv.2205.06455}
}

@article{Alicki2013Apr,
  author =       {Alicki, Robert and Fannes, Mark},
  title =        {{Entanglement boost for extractable work from
                  ensembles of quantum batteries}},
  journal =      {Phys. Rev. E},
  volume =       87,
  number =       4,
  pages =        042123,
  year =         2013,
  month =        apr,
  issn =         {2470-0053},
  publisher =    {American Physical Society},
  doi =          {10.1103/PhysRevE.87.042123}
}

@article{Lobejko2021Feb,
  author =       {{\L}obejko, Marcin},
  title =        {{The tight Second Law inequality for coherent
                  quantum systems and finite-size heat baths}},
  journal =      {Nat. Commun.},
  volume =       12,
  number =       918,
  pages =        {1--6},
  year =         2021,
  month =        feb,
  issn =         {2041-1723},
  publisher =    {Nature Publishing Group},
  doi =          {10.1038/s41467-021-21140-4}
}

@article{Skrzypczyk2014Jun,
  author =       {Skrzypczyk, Paul and Short, Anthony J. and Popescu,
                  Sandu},
  title =        {{Work extraction and thermodynamics for individual
                  quantum systems}},
  journal =      {Nat. Commun.},
  volume =       5,
  number =       4185,
  pages =        {1--8},
  year =         2014,
  month =        jun,
  issn =         {2041-1723},
  publisher =    {Nature Publishing Group},
  doi =          {10.1038/ncomms5185}
}

@article{Klatzow2019Mar,
  author =       {Klatzow, James and Becker, Jonas N. and Ledingham,
                  Patrick M. and Weinzetl, Christian and Kaczmarek,
                  Krzysztof T. and Saunders, Dylan J. and Nunn, Joshua
                  and Walmsley, Ian A. and Uzdin, Raam and Poem,
                  Eilon},
  title =        {{Experimental Demonstration of Quantum Effects in
                  the Operation of Microscopic Heat Engines}},
  journal =      {Phys. Rev. Lett.},
  volume =       122,
  number =       11,
  pages =        110601,
  year =         2019,
  month =        mar,
  issn =         {1079-7114},
  publisher =    {American Physical Society},
  doi =          {10.1103/PhysRevLett.122.110601}
}

@article{Wyss2017Jul,
  author =       {Wyss, Walter},
  title =        {{Two Non-Commutative Binomial Theorems}},
  journal =      {arXiv},
  year =         2017,
  month =        jul,
  eprint =       {1707.03861},
  doi =          {10.48550/arXiv.1707.03861}
}

@article{Kolar2012Aug,
  author =
                  {Kol{\ifmmode\acute{a}\else\'{a}\fi}{\ifmmode\check{r}\else\v{r}\fi},
                  M. and Gelbwaser-Klimovsky, D. and Alicki, R. and
                  Kurizki, G.},
  title =        {{Quantum Bath Refrigeration towards Absolute Zero:
                  Challenging the Unattainability Principle}},
  journal =      {Phys. Rev. Lett.},
  volume =       109,
  number =       9,
  pages =        090601,
  year =         2012,
  month =        aug,
  issn =         {1079-7114},
  publisher =    {American Physical Society},
  doi =          {10.1103/PhysRevLett.109.090601}
}

@article{Welford1962Aug,
  author =       {Welford, B. P.},
  title =        {{Note on a Method for Calculating Corrected Sums of
                  Squares and Products}},
  journal =      {Technometrics},
  volume =       4,
  number =       3,
  pages =        {419--420},
  year =         1962,
  month =        aug,
  issn =         {0040-1706},
  publisher =    {Taylor {\&} Francis},
  doi =          {10.1080/00401706.1962.10490022}
}

@book{Knuth1997,
  added-at =     {2007-10-23T15:51:41.000+0200},
  address =      {Boston, MA, USA},
  author =       {Knuth, Donald E.},
  isbn =         0201896842,
  keywords =     {algorithms},
  publisher =    {Addison-Wesley Longman Publishing Co., Inc.},
  timestamp =    {2007-10-23T15:51:49.000+0200},
  title =        {The art of computer programming, volume 2 (3rd ed.):
                  seminumerical algorithms},
  url =          {http://portal.acm.org/citation.cfm?id=270146},
  year =         1997
}
